@misc{TSP,
 author = {Massimo Paolucci},
 title = {Vehicle Routing Problems},
 howpublished = "\url{http://www.discovery.dist.unige.it/didattica/LS/VRP.pdf}",
 year = {fecha de consulta 01/07/2014},
}
@Article{CVRP,
year={2008},
isbn={978-0-387-77777-1},
booktitle={The Vehicle Routing Problem: Latest Advances and New Challenges},
volume={43},
series={Operations Research/Computer Science Interfaces},
editor={Golden, Bruce and Raghavan, S. and Wasil, Edward},
doi={10.1007/978-0-387-77778-8_11},
title={Modeling and Solving the Capacitated Vehicle Routing Problem on Trees},
url={http://dx.doi.org/10.1007/978-0-387-77778-8_11},
publisher={Springer US},
keywords={Capacitated vehicle routing on trees; integer linear programming formulations; high-level modeling languages},
author={Chandran, Bala and Raghavan, S.},
pages={239-261},
language={English},
journal = {Springer}
}

@article{journals/eor/AziGP07,
  added-at = {2007-04-23T00:00:00.000+0200},
  author = {Azi, Nabila and Gendreau, Michel and Potvin, Jean-Yves},
  biburl = {http://www.bibsonomy.org/bibtex/2f202a459fea17c88e8b7c24ff8bf6484/dblp},
  date = {2007-04-23},
  description = {dblp},
  ee = {http://dx.doi.org/10.1016/j.ejor.2006.02.019},
  interhash = {fa9f6eb82c68080dd6dabd09d2e1c013},
  intrahash = {f202a459fea17c88e8b7c24ff8bf6484},
  journal = {European Journal of Operational Research},
  keywords = {dblp},
  number = 3,
  pages = {755-766},
  timestamp = {2007-04-23T00:00:00.000+0200},
  title = {An exact algorithm for a single-vehicle routing problem with time windows and multiple routes.},
  url = {http://dblp.uni-trier.de/db/journals/eor/eor178.html#AziGP07},
  volume = 178,
  year = 2007
}

@Article{EilamTzoreff2002193,
title = {The vehicle routing problem with pickups and deliveries on some special graphs },
journal = {Discrete Applied Mathematics },
volume = {116},
number = {3},
pages = {193 - 229},
year = {2002},
note = {},
issn = {0166-218X},
doi = {http://dx.doi.org/10.1016/S0166-218X(00)00283-3},
url = {http://www.sciencedirect.com/science/article/pii/S0166218X00002833},
author = {Tali Eilam Tzoreff and Daniel Granot and Frieda Granot and Greys Sosic},
keywords = {Vehicle routing},
keywords = {Polynomial algorithm},
keywords = {Tree},
keywords = {Cycle graph},
keywords = {Warehouse graph }
}

@Article{Prosser93Hybrid,
  address = {School of Industrial and Systemeering, Georgia Institute of Technology, Atlanta},
  author = {Jacobs-Blecha, C. and Goetschalckx, M.},
  title = {The vehicle routing problem with backhauls: properties and solution algorithms},
  year = {1992},
  journal = {Georgia Institute of Technology}
}

@Misc{RUTEO,
 author = {Irma Delia Garcia Calvillo},
 address = {Universidad Autónoma de Coahuila},
 title = {El problema de ruteo de vehiculos},
 howpublished = "\url{http://lya.fciencias.unam.mx/computocientifico/archivos/RuteoVehiculos.pdf}",
 year = {fecha de consulta 20/06/2014}
}

@Misc{whitepaper,
 title = {OPTIMIZATION TECHNOLOGY WHITE PAPER. A comparative study of optimization techniques},
 year = {1997},
 journal = {ILOG, Inc,},
 Author = {ILOG, INC.}
}

@Misc{HC,
 title = {Local search algorithms and optimization problems. Hill climbing},
 Author = {porapi-3705912},
 howpublished = "\url{http://es.scribd.com/doc/7290255/Hill-Climbing-Methods}",
 year = {fecha de consulta 20/06/2014}
}

@article{Ing3832,
	author = {Linda Rocha Medina y Elsa Gonzalez La Rotta y Javier Orjuela Castro},
	title = {Una Revision al Estado del Arte del Problema de Ruteo de Vehiculos: Evolucion Historica Y Metodos De Solucion},
	journal = {Ingenieria},
	volume = {16},
	number = {2},
	year = {2011},
	keywords = {Problema de Ruteo de Vehículos, Multiples Viajes, Métodos Exactos, Heurísticas, Metaheurísticas.},
	abstract = {Este artículo presenta una revisión bibliográfica acerca de la historia, tipologías y métodos de solución del Problema de Ruteo de Vehículos (VRP). Explica las diferentes variaciones que han surgido, y hace referencia a las categorías básicas de VRP, los métodos de solución propuestos, así como sus tendencias.},
	url = {http://revistas.udistrital.edu.co/ojs/index.php/reving/article/view/3832}
}
@article{Toth2002487,
title = {Models, relaxations and exact approaches for the capacitated vehicle routing problem },
journal = {Discrete Applied Mathematics },
volume = {123},
number = {1 - 3},
pages = {487 - 512},
year = {2002},
note = {},
issn = {0166-218X},
doi = {http://dx.doi.org/10.1016/S0166-218X(01)00351-1},
url = {http://www.sciencedirect.com/science/article/pii/S0166218X01003511},
author = {Paolo Toth and Daniele Vigo},
keywords = {Vehicle routing problem},
keywords = {Exact algorithms},
keywords = {Branch and bound},
keywords = {Relaxations },
abstract = {In this paper we review the exact algorithms based on the branch and bound approach proposed in the last years for the solution of the basic version of the vehicle routing problem (VRP), where only the vehicle capacity constraints are considered. These algorithms have considerably increased the size of \{VRPs\} that can be solved with respect to earlier approaches. Moreover, at least for the case in which the cost matrix is asymmetric, branch and bound algorithms still represent the state-of-the-art with respect to the exact solution. Computational results comparing the performance of different relaxations and algorithms on a set of benchmark instances are presented. We conclude by examining possible future directions of research in this field. }
}


